@article{dill2013four,
  title={Four types of cyclists? Examination of typology for better understanding of bicycling behavior and potential},
  author={Dill, Jennifer and McNeil, Nathan},
  journal={Transportation Research Record},
  volume={2387},
  number={1},
  pages={129--138},
  year={2013},
  publisher={SAGE Publications Sage CA: Los Angeles, CA}
}

@article{ellett2018state,
  title={State paranoia and urban cycling},
  author={Ellett, Lyn and Kingston, Jess and Chadwick, Paul},
  journal={Psychiatry research},
  volume={266},
  pages={341--344},
  year={2018},
  publisher={Elsevier}
}

@article{fajans2001bicyclists,
  title={Why bicyclists hate stop signs},
  author={Fajans, Joel and Curry, Melanie},
  year={2001}
}

@article{gosse2014estimating,
  title={Estimating spatially and temporally continuous bicycle volumes by using sparse data},
  author={Gosse, C Alec and Clarens, Andres},
  journal={Transportation Research Record},
  volume={2443},
  number={1},
  pages={115--122},
  year={2014},
  publisher={SAGE Publications Sage CA: Los Angeles, CA}
}

@article{gu2017cost,
  title={The cost-effectiveness of bike lanes in New York City},
  author={Gu, Jing and Mohit, Babak and Muennig, Peter Alexander},
  journal={Injury prevention},
  volume={23},
  number={4},
  pages={239--243},
  year={2017},
  publisher={BMJ Publishing Group Ltd}
}

@article{heinen2010commuting,
  title={Commuting by bicycle: an overview of the literature},
  author={Heinen, Eva and Van Wee, Bert and Maat, Kees},
  journal={Transport reviews},
  volume={30},
  number={1},
  pages={59--96},
  year={2010},
  publisher={Taylor \& Francis}
}

@article{kondo2018bike,
  title={Where do bike lanes work best? A Bayesian spatial model of bicycle lanes and bicycle crashes},
  author={Kondo, Michelle C and Morrison, Christopher and Guerra, Erick and Kaufman, Elinore J and Wiebe, Douglas J},
  journal={Safety science},
  volume={103},
  pages={225--233},
  year={2018},
  publisher={Elsevier}
}

@article{li2012physical,
  title={Physical environments influencing bicyclistsâ€™ perception of comfort on separated and on-street bicycle facilities},
  author={Li, Zhibin and Wang, Wei and Liu, Pan and Ragland, David R},
  journal={Transportation Research Part D: Transport and Environment},
  volume={17},
  number={3},
  pages={256--261},
  year={2012},
  publisher={Elsevier}
}

@article{parkin2007models,
  title={Models of perceived cycling risk and route acceptability},
  author={Parkin, John and Wardman, Mark and Page, Matthew},
  journal={Accident Analysis \& Prevention},
  volume={39},
  number={2},
  pages={364--371},
  year={2007},
  publisher={Elsevier}
}

@article{puchades2018role,
  title={The role of perceived competence and risk perception in cycling near misses},
  author={Puchades, V{\'i}ctor Mar{\'i}n and Fassina, Filippo and Fraboni, Federico and De Angelis, Marco and Prati, Gabriele and de Waard, Dick and Pietrantoni, Luca},
  journal={Safety science},
  volume={105},
  pages={167--177},
  year={2018},
  publisher={Elsevier}
}

@article{savan2017integrated,
  title={Integrated strategies to accelerate the adoption of cycling for transportation},
  author={Savan, Beth and Cohlmeyer, Emma and Ledsham, Trudy},
  journal={Transportation research part F: traffic psychology and behaviour},
  volume={46},
  pages={236--249},
  year={2017},
  publisher={Elsevier}
}

@inproceedings{stinson2005comparison,
  title={A comparison of the route preferences of experienced and inexperienced bicycle commuters},
  author={Stinson, Monique A and Bhat, Chandra R and others},
  booktitle={TRB 84th annual meeting compendium of papers},
  number={05-1434},
  year={2005}
}

@article{thigpen2015using,
  title={Using a stages of change approach to explore opportunities for increasing bicycle commuting},
  author={Thigpen, Calvin G and Driller, Brigitte K and Handy, Susan L},
  journal={Transportation Research Part D: Transport and Environment},
  volume={39},
  pages={44--55},
  year={2015},
  publisher={Elsevier}
}

@article{vandenbulcke2014predicting,
  title={Predicting cycling accident risk in Brussels: A spatial case--control approach},
  author={Vandenbulcke, Gr{\'e}gory and Thomas, Isabelle and Panis, Luc Int},
  journal={Accident Analysis \& Prevention},
  volume={62},
  pages={341--357},
  year={2014},
  publisher={Elsevier}
}