@article{zielstra2013assessing,
  title={Assessing the Effect of Data Imports on the Completeness of OpenStreetMap--AU nited S tates Case Study},
  author={Zielstra, Dennis and Hochmair, Hartwig H and Neis, Pascal},
  journal={Transactions in GIS},
  volume={17},
  number={3},
  pages={315--334},
  year={2013},
  publisher={Wiley Online Library}
}


@article{mobasheri2017crowdsourced,
  title={Are crowdsourced datasets suitable for specialized routing services? Case study of OpenStreetMap for routing of people with limited mobility},
  author={Mobasheri, Amin and Sun, Yeran and Loos, Lukas and Ali, Ahmed},
  journal={Sustainability},
  volume={9},
  number={6},
  pages={997},
  year={2017},
  publisher={Multidisciplinary Digital Publishing Institute}
}

@article{marshall2010street,
  title={Street network types and road safety: A study of 24 California cities},
  author={Marshall, Wesley E and Garrick, Norman W},
  journal={Urban Design International},
  volume={15},
  number={3},
  pages={133--147},
  year={2010},
  publisher={Springer}
}

@article{masucci2009random,
  title={Random planar graphs and the London street network},
  author={Masucci, Adolfo Paolo and Smith, D and Crooks, A and Batty, Michael},
  journal={The European Physical Journal B},
  volume={71},
  number={2},
  pages={259--271},
  year={2009},
  publisher={Springer}
}

@inproceedings{mobasheri2015completeness,
  title={On the completeness of sidewalk information in OpenStreetMap, a case study of Germany},
  author={Mobasheri, Amin and Bakillah, Mohamed and Rousell, Adam and Hahmann, Stefan and Zipf, Alexander},
  booktitle={The 18th AGILE International Conference on Geographic Information Science},
  year={2015}
}

@inproceedings{hochmair2013assessing,
  title={Assessing the completeness of bicycle trails and designated lane features in OpenStreetMap for the United States and Europe},
  author={Hochmair, Hartwig H and Zielstra, Dennis and Neis, Pascal and Hartwig, PN and Hochmair, H and Zielstra, D},
  booktitle={Transportation Research Board Annual Meeting},
  year={2013}
}


@article{haklay2010good,
  title={How good is volunteered geographical information? A comparative study of OpenStreetMap and Ordnance Survey datasets},
  author={Haklay, Mordechai},
  journal={Environment and planning B: Planning and design},
  volume={37},
  number={4},
  pages={682--703},
  year={2010},
  publisher={SAGE Publications Sage UK: London, England}
}


@article{barron2014comprehensive,
  title={A comprehensive framework for intrinsic OpenStreetMap quality analysis},
  author={Barron, Christopher and Neis, Pascal and Zipf, Alexander},
  journal={Transactions in GIS},
  volume={18},
  number={6},
  pages={877--895},
  year={2014},
  publisher={Wiley Online Library}
}

@article{hannah2018computational,
  title={A computational model of pedestrian road safety: the long way round is the safe way home},
  author={Hannah, Charlotte and Spasi{\'c}, Irena and Corcoran, Padraig},
  journal={Accident Analysis \& Prevention},
  volume={121},
  pages={347--357},
  year={2018},
  publisher={Elsevier}
}

@article{natera2019data,
  title={Data-driven strategies for optimal bicycle network growth},
  author={Natera, Luis and Battiston, Federico and I{\~n}iguez, Gerardo and Szell, Michael},
  journal={arXiv preprint arXiv:1907.07080},
  year={2019}
}


