% bibtek for articles in this folder

@article{akbarzadeh2018designing,
  title={Designing bike networks using the concept of network clusters},
  author={Akbarzadeh, Meisam and Mohri, Syed Sina and Yazdian, Ehsan},
  journal={Applied network science},
  volume={3},
  number={1},
  pages={12},
  year={2018},
  publisher={Nature Publishing Group}
}

@article{buehler2016bikeway,
  title={Bikeway networks: A review of effects on cycling},
  author={Buehler, Ralph and Dill, Jennifer},
  journal={Transport Reviews},
  volume={36},
  number={1},
  pages={9--27},
  year={2016},
  publisher={Taylor \& Francis}
}

@article{cabral2019low,
  title={Low-stress bicycling connectivity: Assessment of the network build-out in Edmonton, Canada},
  author={Cabral, Laura and Kim, Amy M and Shirgaokar, Manish},
  journal={Case Studies on Transport Policy},
  volume={7},
  number={2},
  pages={230--238},
  year={2019},
  publisher={Elsevier}
}

@article{doorley2019designing,
  title={Designing cycle networks to maximize health, environmental, and travel time impacts: An optimization-based approach},
  author={Doorley, Ronan and Pakrashi, Vikram and Szeto, WY and Ghosh, Bidisha},
  journal={International Journal of Sustainable Transportation},
  pages={1--14},
  year={2019},
  publisher={Taylor \& Francis}
}

@article{duthie2014optimization,
  title={Optimization framework for bicycle network design},
  author={Duthie, Jennifer and Unnikrishnan, Avinash},
  journal={Journal of Transportation engineering},
  volume={140},
  number={7},
  pages={04014028},
  year={2014},
  publisher={American Society of Civil Engineers}
}

@article{mauttone2017bicycle,
  title={Bicycle network design: model and solution algorithm},
  author={Mauttone, Antonio and Mercadante, Gonzalo and Rabaza, Mar{\'\i}a and Toledo, Fernanda},
  journal={Transportation research procedia},
  volume={27},
  pages={969--976},
  year={2017},
  publisher={Elsevier}
}


@article{boisjoly2019bicycle,
  title={Bicycle network performance: Assessing the directness of bicycle facilities through connectivity measures, a Montreal, Canada case study},
  author={Boisjoly, Genevi{\`e}ve and Lachapelle, Ugo and El-Geneidy, Ahmed},
  journal={International Journal of Sustainable Transportation},
  pages={1--15},
  year={2019},
  publisher={Taylor \& Francis}
}

@article{furth2016network,
  title={Network connectivity for low-stress bicycling},
  author={Furth, Peter G and Mekuria, Maaza C and Nixon, Hilary},
  journal={Transportation research record},
  volume={2587},
  number={1},
  pages={41--49},
  year={2016},
  publisher={SAGE Publications Sage CA: Los Angeles, CA}
}


@article{mekuria2012low,
  title={Low-stress bicycling and network connectivity},
  author={Mekuria, Maaza C and Furth, Peter G and Nixon, Hilary},
  year={2012},
  publisher={Mineta Transportation Institute}
}

@article{lowry2016prioritizing,
  title={Prioritizing new bicycle facilities to improve low-stress network connectivity},
  author={Lowry, Michael B and Furth, Peter and Hadden-Loh, Tracy},
  journal={Transportation Research Part A: Policy and Practice},
  volume={86},
  pages={124--140},
  year={2016},
  publisher={Elsevier}
}


@article{wang2016does,
  title={Does bicycle network level of traffic stress (LTS) explain bicycle travel behavior? Mixed results from an Oregon case study},
  author={Wang, Haizhong and Palm, Matthew and Chen, Chen and Vogt, Rachel and Wang, Yiyi},
  journal={Journal of transport geography},
  volume={57},
  pages={8--18},
  year={2016},
  publisher={Elsevier}
}

@article{lowry2017quantifying,
  title={Quantifying bicycle network connectivity},
  author={Lowry, Michael and Loh, Tracy Hadden},
  journal={Preventive medicine},
  volume={95},
  pages={S134--S140},
  year={2017},
  publisher={Elsevier}
}

@article{macmillan2017understanding,
  title={Understanding bicycling in cities using system dynamics modelling},
  author={Macmillan, Alexandra and Woodcock, James},
  journal={Journal of transport \& health},
  volume={7},
  pages={269--279},
  year={2017},
  publisher={Elsevier}
}

@article{mesbah2012bilevel,
  title={Bilevel optimization approach to design of network of bike lanes},
  author={Mesbah, Mahmoud and Thompson, Russell and Moridpour, Sara},
  journal={Transportation research record},
  volume={2284},
  number={1},
  pages={21--28},
  year={2012},
  publisher={SAGE Publications Sage CA: Los Angeles, CA}
}

@article{osama2017models,
  title={Models for estimating zone-level bike kilometers traveled using bike network, land use, and road facility variables},
  author={Osama, Ahmed and Sayed, Tarek and Bigazzi, Alexander Y},
  journal={Transportation Research Part A: Policy and Practice},
  volume={96},
  pages={14--28},
  year={2017},
  publisher={Elsevier}
}


@article{milakis2012planning,
  title={Planning of the Athens metropolitan cycle network using participative multicriteria GIS analysis},
  author={Milakis, Dimitris and Athanasopoulos, Konstantinos and Vafeiadis, Evangelos and Vasileiadis, Konstantinos and Vlastos, Thanos},
  journal={Procedia-Social and Behavioral Sciences},
  volume={48},
  pages={816--826},
  year={2012},
  publisher={Elsevier}
}

@article{osama2017models,
  title={Models for estimating zone-level bike kilometers traveled using bike network, land use, and road facility variables},
  author={Osama, Ahmed and Sayed, Tarek and Bigazzi, Alexander Y},
  journal={Transportation Research Part A: Policy and Practice},
  volume={96},
  pages={14--28},
  year={2017},
  publisher={Elsevier}
}

@article{schoner2014missing,
  title={The missing link: Bicycle infrastructure networks and ridership in 74 US cities},
  author={Schoner, Jessica E and Levinson, David M},
  journal={Transportation},
  volume={41},
  number={6},
  pages={1187--1204},
  year={2014},
  publisher={Springer}
}


%@article{austwick2013structure,
%  title={The structure of spatial networks and communities in bicycle sharing systems},
%  author={Austwick, Martin Zaltz and Oâ€™Brien, Oliver and Strano, Emanuele and Viana, Matheus},
%  journal={PloS one},
%  volume={8},
%  number={9},
%  pages={e74685},
%  year={2013},
%  publisher={Public Library of Science}
%}











