% bibtek data for literature regarding network analysis.

@article{barthelemy2011spatial,
  title={Spatial networks},
  author={Barth{\'e}lemy, Marc},
  journal={Physics Reports},
  volume={499},
  number={1-3},
  pages={1--101},
  year={2011},
  publisher={Elsevier}
}


@article{barthelemy2003crossover,
  title={Crossover from scale-free to spatial networks},
  author={Barth{\'e}lemy, Marc},
  journal={EPL (Europhysics Letters)},
  volume={63},
  number={6},
  pages={915},
  year={2003},
  publisher={IOP Publishing}
}


@article{crucitti2006centrality,
  title={Centrality measures in spatial networks of urban streets},
  author={Crucitti, Paolo and Latora, Vito and Porta, Sergio},
  journal={Physical Review E},
  volume={73},
  number={3},
  pages={036125},
  year={2006},
  publisher={APS}
}

@article{fallani2014nonparametric,
  title={Nonparametric resampling of random walks for spectral network clustering},
  author={Fallani, Fabrizio De Vico and Nicosia, Vincenzo and Latora, Vito and Chavez, Mario},
  journal={Physical Review E},
  volume={89},
  number={1},
  pages={012802},
  year={2014},
  publisher={APS}
}

@article{feliciotti2016design,
  title={Design for change: five proxies for resilience in the urban form},
  author={Feliciotti, Alessandra and Romice, Ombretta and Porta, Sergio},
  journal={Open House International},
  volume={41},
  number={4},
  pages={23--30},
  year={2016}
}

%@article{kirkley2018betweenness,
%  title={From the betweenness centrality in street networks to structural invariants in random planar graphs},
%  author={Kirkley, Alec and Barbosa, Hugo and Barthelemy, Marc and Ghoshal, Gourab},
%  journal={Nature communications},
%  volume={9},
%  number={1},
%  pages={2501},
%  year={2018},
%  publisher={Nature Publishing Group}
%}

@article{paez2012measuring,
  title={Measuring accessibility: positive and normative implementations of various accessibility indicators},
  author={P{\'a}ez, Antonio and Scott, Darren M and Morency, Catherine},
  journal={Journal of Transport Geography},
  volume={25},
  pages={141--153},
  year={2012},
  publisher={Elsevier}
}

@article{porta2014alterations,
  title={Alterations in scale: Patterns of change in main street networks across time and space},
  author={Porta, Sergio and Romice, Ombretta and Maxwell, J Alexander and Russell, Peter and Baird, Darren},
  journal={Urban Studies},
  volume={51},
  number={16},
  pages={3383--3400},
  year={2014},
  publisher={Sage Publications Sage UK: London, England}
}

@article{louf2014typology,
  title={A typology of street patterns},
  author={Louf, R{\'e}mi and Barthelemy, Marc},
  journal={Journal of The Royal Society Interface},
  volume={11},
  number={101},
  pages={20140924},
  year={2014},
  publisher={The Royal Society}
}

@article{louf2013modeling,
  title={Modeling the polycentric transition of cities},
  author={Louf, R{\'e}mi and Barthelemy, Marc},
  journal={Physical review letters},
  volume={111},
  number={19},
  pages={198702},
  year={2013},
  publisher={APS}
}

@article{louf2014scaling,
  title={Scaling in transportation networks},
  author={Louf, R{\'e}mi and Roth, Camille and Barthelemy, Marc},
  journal={PLoS One},
  volume={9},
  number={7},
  pages={e102007},
  year={2014},
  publisher={Public Library of Science}
}

@article{masucci2009random,
  title={Random planar graphs and the London street network},
  author={Masucci, Adolfo Paolo and Smith, D and Crooks, A and Batty, Michael},
  journal={The European Physical Journal B},
  volume={71},
  number={2},
  pages={259--271},
  year={2009},
  publisher={Springer}
}

@article{morris2012transport,
  title={Transport on coupled spatial networks},
  author={Morris, Richard G and Barthelemy, Marc},
  journal={Physical review letters},
  volume={109},
  number={12},
  pages={128703},
  year={2012},
  publisher={APS}
}

@article{nicosia2013growing,
  title={Growing multiplex networks},
  author={Nicosia, Vincenzo and Bianconi, Ginestra and Latora, Vito and Barthelemy, Marc},
  journal={Physical review letters},
  volume={111},
  number={5},
  pages={058701},
  year={2013},
  publisher={APS}
}

@article{nicosia2015measuring,
  title={Measuring and modeling correlations in multiplex networks},
  author={Nicosia, Vincenzo and Latora, Vito},
  journal={Physical Review E},
  volume={92},
  number={3},
  pages={032805},
  year={2015},
  publisher={APS}
}

@article{porta2008multiple,
  title={Multiple centrality assessment in Parma: a network analysis of paths and open spaces},
  author={Porta, Sergio and Crucitti, Paolo and Latora, Vito},
  journal={urban design International},
  volume={13},
  number={1},
  pages={41--50},
  year={2008},
  publisher={Springer}
}

@article{porta2006network,
  title={The network analysis of urban streets: a dual approach},
  author={Porta, Sergio and Crucitti, Paolo and Latora, Vito},
  journal={Physica A: Statistical Mechanics and its Applications},
  volume={369},
  number={2},
  pages={853--866},
  year={2006},
  publisher={Elsevier}
}

@article{porta2006network,
  title={The network analysis of urban streets: a primal approach},
  author={Porta, Sergio and Crucitti, Paolo and Latora, Vito},
  journal={Environment and Planning B: planning and design},
  volume={33},
  number={5},
  pages={705--725},
  year={2006},
  publisher={SAGE Publications Sage UK: London, England}
}

@article{porta2012street,
  title={Street centrality and the location of economic activities in Barcelona},
  author={Porta, Sergio and Latora, Vito and Wang, Fahui and Rueda, Salvador and Strano, Emanuele and Scellato, Salvatore and Cardillo, Alessio and Belli, Eugenio and Cardenas, Francisco and Cormenzana, Berta and others},
  journal={Urban Studies},
  volume={49},
  number={7},
  pages={1471--1488},
  year={2012},
  publisher={SAGE Publications Sage UK: London, England}
}

@article{strano2012elementary,
  title={Elementary processes governing the evolution of road networks},
  author={Strano, Emanuele and Nicosia, Vincenzo and Latora, Vito and Porta, Sergio and Barth{\'e}lemy, Marc},
  journal={Scientific reports},
  volume={2},
  pages={296},
  year={2012},
  publisher={Nature Publishing Group}
}

@article{strano2017scaling,
  title={The scaling structure of the global road network},
  author={Strano, Emanuele and Giometto, Andrea and Shai, Saray and Bertuzzo, Enrico and Mucha, Peter J and Rinaldo, Andrea},
  journal={Royal Society open science},
  volume={4},
  number={10},
  pages={170590},
  year={2017},
  publisher={The Royal Society Publishing}
}

@article{strano2017scaling,
  title={The scaling structure of the global road network},
  author={Strano, Emanuele and Giometto, Andrea and Shai, Saray and Bertuzzo, Enrico and Mucha, Peter J and Rinaldo, Andrea},
  journal={Royal Society open science},
  volume={4},
  number={10},
  pages={170590},
  year={2017},
  publisher={The Royal Society Publishing}
}

@article{strano2013urban,
  title={Urban street networks, a comparative analysis of ten European cities},
  author={Strano, Emanuele and Viana, Matheus and da Fontoura Costa, Luciano and Cardillo, Alessio and Porta, Sergio and Latora, Vito},
  journal={Environment and Planning B: Planning and Design},
  volume={40},
  number={6},
  pages={1071--1086},
  year={2013},
  publisher={SAGE Publications Sage UK: London, England}
}

@article{wang2011street,
  title={Street centrality and land use intensity in Baton Rouge, Louisiana},
  author={Wang, Fahui and Antipova, Anzhelika and Porta, Sergio},
  journal={Journal of Transport Geography},
  volume={19},
  number={2},
  pages={285--293},
  year={2011},
  publisher={Elsevier}
}

@article{watts1998collective,
  title={Collective dynamics of ‘small-world’networks},
  author={Watts, Duncan J and Strogatz, Steven H},
  journal={nature},
  volume={393},
  number={6684},
  pages={440},
  year={1998},
  publisher={Nature Publishing Group}
}


%%%%%%%%%%%%%%%%%%%%%%%%%%%%%%%%%%%%%%%%%%%%%%%%%%%%%%%%%%%%%%%%%%%%%%%%%%%%%%%%%
% not relevant
%
%@article{BarthelemyMarc2018Tisn,
%issn = {1631-0705},
%abstract = {Networks embedded in space can display all sorts of transitions when their structure is modified. The nature of these transitions (and in some cases crossovers) can differ from the usual appearance of a giant component as observed for the Erdös–Rényi graph, and spatial networks display a large variety of behaviors. We will discuss here some (mostly recent) results about topological transitions, ‘localization’ transitions seen in the shortest paths pattern, and also about the effect of congestion and fluctuations on the structure of optimal networks. The importance of spatial networks in real-world applications makes these transitions very relevant, and this review is meant as a step towards a deeper understanding of the effect of space on network structures. Les réseaux spatiaux peuvent presenter toutes sortes de transitions lorsque leur structure est modifiée. La nature de ces transitions peut différer de l'apparition d'une composante géante, comme c'est le cas pour le graphe d'Erdös–Rényi, et afficher une grande variété de comportements. Nous discuterons ici quelques résultats (la plupart du temps récents) sur les transitions topologiques, les transitions de « localisation » observées dans l'organisation des chemins les plus courts, ainsi que l'effet de la congestion et des fluctuations sur la structure des réseaux optimaux. L'importance des réseaux spatiaux pour les applications pratiques rend ces transitions très pertinentes, et cette revue se veut un pas vers une compréhension plus profonde de l'effet de l'espace sur la structure des réseaux.},
%journal = {Comptes rendus - Physique},
%pages = {205--232},
%volume = {19},
%publisher = {Elsevier Masson SAS},
%number = {4},
%year = {2018},
%title = {Transitions in spatial networks},
%language = {eng},
%author = {Barthelemy, Marc},
%keywords = {Statistical Physics ; Transitions ; Spatial Networks ; Physique Statistique ; Transitions ; Réseaux Spatiaux},
%}
%
%@article{battiston2016efficient,
%  title={Efficient exploration of multiplex networks},
%  author={Battiston, Federico and Nicosia, Vincenzo and Latora, Vito},
%  journal={New Journal of Physics},
%  volume={18},
%  number={4},
%  pages={043035},
%  year={2016},
%  publisher={IOP Publishing}
%}
%
%
%@article{jiang2004topological,
%  title={Topological analysis of urban street networks},
%  author={Jiang, Bin and Claramunt, Christophe},
%  journal={Environment and Planning B: Planning and design},
%  volume={31},
%  number={1},
%  pages={151--162},
%  year={2004},
%  publisher={SAGE Publications Sage UK: London, England}
%}
%
%%
%@article{kosmidis2008structural,
%  title={Structural properties of spatially embedded networks},
%  author={Kosmidis, Kosmas and Havlin, Shlomo and Bunde, Armin},
%  journal={EPL (Europhysics Letters)},
%  volume={82},
%  number={4},
%  pages={48005},
%  year={2008},
%  publisher={IOP Publishing}
%}
%
%
%
%
%
%
%
%
