% bibtek data for literature regarding network analysis.