@misc{WB:2014,
  author = {{\firstsecond{World Bank}{The World Bank}}},
  title = {Life expectancy},
  year = {2014},
  note = {data retrieved from World Development Indicators, 
          \url{http://data.worldbank.org/indicator/SP.DYN.LE00.FE.IN}},
}

@misc{lsoageoms,
author = {Office for National Statistics},
title = {Lower Layer Super Output Area (LSOA) boundaries },
year = {2016},
note = {data retrieved from data.gov.uk, \url{https://data.gov.uk/dataset/fa883558-22fb-4a1a-8529-cffdee47d500/lower-layer-super-output-area-lsoa-boundaries}},
}

@misc{jtw,
title = {Location of usual residence and place of work by method of travel to work, UK Census 2011},
author = {Office for National Statistics},
year = {2011},
note = {data retrieved from nomisweb.co.uk, \url{https://www.nomisweb.co.uk/census/2011/wu03uk}},
}

@misc{osm,
   author = {{OpenStreetMap contributors}},
   title = {{Planet dump retrieved from https://planet.osm.org }},
   howpublished = "\url{ https://www.openstreetmap.org }",
   year = {2017},
 }
 
@misc{tflcid,
title = {Cycling Infrastructure Database},
author = {Transport for London},
note = {data retrieved from data.london.gov.uk, \url{https://data.london.gov.uk/dataset/cycling-infrastructure-database}},
year = {2019},
}

@misc{cyclistksi,
author = {Transport for London},
title = {Pedal Cyclist Casualties, Killed and Seriously Injured},
year = {2014},
note = {data retrieved from data.london.gov.uk, \url{https://data.london.gov.uk/dataset/pedal-cyclist-casualties-killed-and-seriously-injured}},
}

@misc{osmtflcidwiki,
title = {OSM Wiki page for TfL Cycling Infrastructure Database},
year = {2019},
author = {OpenStreetMap},
note = {retrieved from wiki.openstreetmap.org, \url{https://wiki.openstreetmap.org/wiki/TfL_Cycling_Infrastructure_Database}},
}

@misc{innerlondon,
title = {List of inner/outer London Boroughs},
author = {{London Councils},},
year = {2019},
note = {retrieved from londoncouncils.gov.uk, \url{https://www.londoncouncils.gov.uk/node/1938}},
}

@misc{lsoa,
title = {LSOA Atlas},
author = {Greater London Authority (GLA)},
year = {2014},
note = {retrieved from data.london.gov.uk, \url{https://data.london.gov.uk/dataset/lsoa-atlas}},
}