%@article{,
%  title={},
%  author={},
%  journal={},
%  volume={},
%  number={},
%  pages={},
%  year={},
%  publisher={}
%}


@Manual{qgis,
title = {QGIS Geographic Information System},
author = {{QGIS Development Team}},
organization = {Open Source Geospatial Foundation},
year = {2009}, 
url = {http://qgis.org},
}
  
  
 @techreport{python,
 author = {Rossum, Guido},
 title = {Python Reference Manual},
 year = {1995},
 publisher = {CWI (Centre for Mathematics and Computer Science)},
 address = {Amsterdam, The Netherlands, The Netherlands},
} 

@article{osmnx,
author = {Boeing, Geoff},
title = {OSMnx: New Methods for Acquiring, Constructing, Analyzing, and Visualizing Complex Street Networks},
year = {2017},
journal = {Computers, Environment and Urban Systems},
volume = {65},
publisher={Elsevier},
pages={126--139}
}

@techreport{networkx,
  title={Exploring network structure, dynamics, and function using NetworkX},
  author={Hagberg, Aric and Swart, Pieter and S Chult, Daniel},
  year={2008},
  institution={Los Alamos National Lab.(LANL), Los Alamos, NM (United States)}
}

@misc{count, 
title = {TeXcount web service 3.1.1},
version = {3.1.1},
note = {retrieved from \url{https://app.uio.no/ifi/texcount/online.php}},
date = {August 14, 2019},
}